<record><leader>00000cas a22000007a 4500</leader><controlfield tag="001">19918289</controlfield><controlfield tag="008">890623d19061945mauwr ne      0    0eng d</controlfield><datafield ind1=" " ind2=" " tag="010"><subfield code="a">sn 89062053 </subfield></datafield><datafield ind1=" " ind2=" " tag="040"><subfield code="a">MGN</subfield><subfield code="b">eng</subfield><subfield code="c">MGN</subfield><subfield code="d">OCLCQ</subfield></datafield><datafield ind1=" " ind2=" " tag="042"><subfield code="a">msc</subfield></datafield><datafield ind1="0" ind2=" " tag="130"><subfield code="a">Braintree observer (Braintree, Mass. : 1906)</subfield></datafield><datafield ind1="1" ind2="4" tag="245"><subfield code="a">The Braintree observer.</subfield></datafield><datafield ind1=" " ind2=" " tag="260"><subfield code="a">South Braintree [Braintree], Mass. :</subfield><subfield code="b">George W. Prescott &amp; Sons</subfield></datafield><datafield ind1=" " ind2=" " tag="300"><subfield code="a">v.</subfield></datafield><datafield ind1=" " ind2=" " tag="310"><subfield code="a">Weekly</subfield></datafield><datafield ind1="0" ind2=" " tag="362"><subfield code="a">Vol. 29, no. 1 (Jan. 6, 1906)-v. 68, no. 49 (Dec. 4, 1945).</subfield></datafield><datafield ind1=" " ind2=" " tag="580"><subfield code="a">Merged with: Braintree news-item and, Weymouth enterprise to form: Observer (Braintree, Mass.).</subfield></datafield><datafield ind1=" " ind2=" " tag="752"><subfield code="a">United States</subfield><subfield code="b">Massachusetts</subfield><subfield code="c">Norfolk</subfield><subfield code="d">Braintree.</subfield></datafield><datafield ind1=" " ind2=" " tag="752"><subfield code="a">United States</subfield><subfield code="b">Massachusetts</subfield><subfield code="c">Norfolk</subfield><subfield code="d">South Braintree.</subfield></datafield><datafield ind1="0" ind2="0" tag="780"><subfield code="t">Braintree observer and reporter</subfield><subfield code="w">(DLC)sn 87090574</subfield></datafield><datafield ind1="1" ind2="7" tag="785"><subfield code="t">Braintree news-item</subfield></datafield><datafield ind1="1" ind2="7" tag="785"><subfield code="t">Weymouth enterprise</subfield></datafield><datafield ind1="1" ind2="7" tag="785"><subfield code="t">Observer (Braintree, Mass.)</subfield><subfield code="w">(DLC)sn 89062054</subfield></datafield></record>